@Article{GranmoEtAlPaper07,
  author = 	 "Granmo, O-C. and Oommen, B. J. and Myrer, S. A. and Olsen, M. G.",
  title = 	 "Learning Automata-Based Solutions to the Nonlinear Fractional Knapsack Problem With Applications to Optimal Resource Allocation",
  journal =	 "IEEE Transactions on Systems Man and Cybernetics",
  year =	 2007,
  volume =	 "37",
  pages =	 "166-175"
}
@Book{Naren89,
  author = 	 "Narendra, K.S. and Thathachar, M.A.L.",
  title = 	 "Learning Automata",
  publisher = "Prentice-Hall",
  year = 	 1989
}
@Inproceedings{IyerKleinrock03,
	author = {Iyer, R. and Kleinrock, L.},
	title  = {QoS Control For Sensor Networks},
	year = {2003},	
	booktitle = {Proc. of the IEEE International Conference on Communications, 2003.}
}
@electronic{sunrmi,
key = {sunrmi},
title = {Remote Method Invocation},
organization = {Sun Microsystems, Inc.},
url = {http://java.sun.com/javase/technologies/core/basic/rmi/index.jsp}
}
@techreport{levenshtein66binary,
	author = {Levenshtein, Vladimir  I. },
  title = {Binary codes capable of correcting deletions, insertions, and reversals},
	journal = {Soviet Physics Doklady},
	keywords = {thesis},
	number = {8},
	pages = {707--710},	
	volume = {10},
	year = {1966}
}
@Book{Norvig03,
	author = {P. Norvig and S. Russel},
	title = {Artificial Intelligence A Modern Approach},
	year = {2003},
	publisher = {Prentice Hall}
}

@article{Auer02UCB1,
 author = {Auer, Peter and Cesa-Bianchi, Nicol\`{o} and Fischer, Paul},
 title = {Finite-time Analysis of the Multiarmed Bandit Problem},
 journal = {Machine Learning},
 issue_date = {May-June 2002},
 volume = {47},
 number = {2-3},
 month = may,
 year = {2002},
 issn = {0885-6125},
 pages = {235--256},
 numpages = {22},
 url = {http://www.eecs.berkeley.edu/~pabbeel/cs287-fa09/readings/Auer+al-UCB.pdf},
 doi = {10.1023/A:1013689704352},
 acmid = {599677},
 publisher = {Kluwer Academic Publishers},
 editor    = {Jyrki Kivinen},
 address = {Hingham, MA, USA},
 keywords = {adaptive allocation rules, bandit problems, finite horizon regret},
}

@article{Thompson1933,
    author = {Thompson, R. William},
    title = {On the likelihood that one unknown probability exceeds another in view of the evidence of two samples},
    journal = {Biometrika},
    volume = {25},
    number = {3-4},
    month  = {December},
    year   = {1933},
    pages  = {285--294},
}

@techreport{May2011,
    author = {May, Benedict C. and Korda, Nathan and Lee, Anthony and Leslie, David S.},
    title  = {Optimistic {B}ayesian sampling in contextual-bandit problems},
    number = {01},
    year   = {2011},
    note = {{Statistics Group, Department of Mathematics}},
    institution = {University of Bristol},
    url = {http://www.stats.bris.ac.uk/research/stats/reports/2011/1101.pdf},
}

@electronic{Murphy2007,
    author = {Murphy, Kevin P.},
    title  = {Conjugate {B}ayesian analysis of the {G}aussian distribution},
    year   = {2007},
    url    = {http://www.cs.ubc.ca/~murphyk/Papers/bayesGauss.pdf},
}

@article{Kaelbling1996,
   author = "L.P. Kaelbling and M.L. Littman and Andrew Moore",
   title = "Reinforcement Learning: A Survey",
   journal = "Journal of Artificial Intelligence Research",
   pages = "237-285",
   year = "1996",
   volume = "4",
   url = {http://www.cs.cmu.edu/afs/cs/project/jair/pub/volume4/kaelbling96a.pdf},
}

@phdthesis{Tsetlin1964,
    author = {M. L. Tsetlin},
    title = {Finite automata and modeling the simplest forms of behavior},
    school = {{V. A. Steklov Mathematical Institute}},
    year   = {1964},
}

